%Some logical procedures for developing vertical scrolling games in C
@online{basicgame,
    author = "Nonki Takahashi",
    title = "Small Basic Game Programming- Vertical Scrolling Game",
    url = "https://techcommunity.microsoft.com/t5/small-basic-blog/small-basic-game-programming-vertical-scrolling-game/ba-p/336809",
    addendum = "(accessed: 02.24.2023)",
    keywords = "scrolling,game"
}

@article{doi,
    author = { Minhee   Chae  and  Jinwoo   Kim },
    title = {Do size and structure matter to mobile users? An empirical study of the effects of screen size, information structure, and task complexity on user activities with standard web phones},
    journal = {Behaviour \& Information Technology},
    volume = {23},
    number = {3},
    pages = {165-181},
    year  = {2004},
    publisher = {Taylor & Francis},
    DOI = {https://doi.org/10.1080/01449290410001669923},
    keywords = "coding"
}
@article{peper,
    author = { Carmen V. Russoniello, Kevin Oâ€™Brien and Jennifer M. Parks},
    title = {THE EFFECTIVENESS OF CASUAL VIDEO GAMES IN IMPROVING MOOD AND DECREASING STRESS},
    journal = {Journal of CyberTherapy \& Rehabilitation},
    volume = {2},
    number = {1},
    pages = {53-66},
    year  = {2009},
    publisher = {Virtual Reality Medical Institute},
}

 @online{github,
    author = "MATRIX",
    title = "IMU",
    url = "https://matrix-io.github.io/matrix-documentation/matrix-hal/examples/imu/",
    addendum = "(accessed: 03.22.2023)",
    keywords = "IMU"
    
}
@online{ACHA,
    title  = "FALL 2018 Reference Group Executive Summary",
    url = "https://www.acha.org/documents/ncha/NCHA-II_Fall_2018_Reference_Group_Executive_Summary.pdf",
    addendum = "(accessed: 03.22.2023)",
    keywords = "ACHA"
}

    %10.1080/01449290410001669923

%eprint = { 
    
        %https://doi.org/10.1080/01449290410001669923
    
    




\begin{comment}
@article{einstein,
    author = "Albert Einstein",
    title = "{Zur Elektrodynamik bewegter K{\"o}rper}. ({German})
    [{On} the electrodynamics of moving bodies]",
    journal = "Annalen der Physik",
    volume = "322",
    number = "10",
    pages = "891--921",
    year = "1905",
    DOI = "http://dx.doi.org/10.1002/andp.19053221004",
    keywords = "physics"
}

@book{dirac,
   title = {The Principles of Quantum Mechanics},
   author = {Paul Adrien Maurice Dirac},
   isbn = {9780198520115},
   series = {International series of monographs on physics},
   year = {1981},
   publisher = {Clarendon Press},
   keywords = {physics}
}

@online{knuthwebsite,
    author = "Donald Knuth",
    title = "Knuth: Computers and Typesetting",
    url  = "http://www-cs-faculty.stanford.edu/~uno/abcde.html",
    addendum = "(accessed: 01.09.2016)",
    keywords = "latex,knuth"
}

@inbook{knuth-fa,
    author = "Donald E. Knuth",
    title = "Fundamental Algorithms",
    publisher = "Addison-Wesley",
    year = "1973",
    chapter = "1.2",
    keywords  = "knuth,programming"
}
\end{comment}